

@inproceedings{dram1,
    author = {Zhang, Zhao and Zhu, Zhichun and Zhang, Xiaodong},
    title = {A Permutation-based Page Interleaving Scheme to Reduce Row-buffer Conflicts and Exploit Data Locality},
    booktitle = {Proceedings of the 33rd Annual ACM/IEEE International Symposium on Microarchitecture},
    series = {MICRO 33},
    year = {2000},
    isbn = {1-58113-196-8},
    location = {Monterey, California, USA},
    pages = {32--41},
    numpages = {10},
    url = {http://doi.acm.org/10.1145/360128.360134},
    doi = {10.1145/360128.360134},
    acmid = {360134},
    publisher = {ACM},
    address = {New York, NY, USA},
} 

@INPROCEEDINGS{dram2,
author={Min Kyu Jeong and Doe Hyun Yoon and Dam Sunwoo and Sullivan, M. and Ikhwan Lee and Erez, M.},
booktitle={High Performance Computer Architecture (HPCA), 2012 IEEE 18th International Symposium on},
title={Balancing DRAM locality and parallelism in shared memory CMP systems},
year={2012},
month={Feb},
pages={1-12},
keywords={DRAM chips;operating systems (computers);shared memory systems;DRAM locality balancing;OS;access stream isolation;bank-level parallelism;internal memory bank partitioning;interthread access interference reduction;locality interference elimination;memory access scheduling;memory subranking;physical frame allocation algorithm;shared memory CMP system parallelism;spatial locality;Image color analysis;Indexes;Instruction sets;Interference;Memory management;Parallel processing;Random access memory},
doi={10.1109/HPCA.2012.6168944},
ISSN={1530-0897},}

@InProceedings{llvm,
    author    = {Chris Lattner and Vikram Adve},
    title     = "{LLVM: A Compilation Framework for Lifelong Program Analysis \& Transformation}",
    booktitle = "{Proceedings of the 2004 International Symposium on Code Generation and Optimization (CGO'04)}",
    address   = {Palo Alto, California},
    month     = {Mar},
    year      = {2004}
}
  
@inproceedings{col1,
 author = {Abadi, Daniel J. and Madden, Samuel R. and Hachem, Nabil},
 title = {Column-stores vs. Row-stores: How Different Are They Really?},
 booktitle = {Proceedings of the 2008 ACM SIGMOD International Conference on Management of Data},
 series = {SIGMOD '08},
 year = {2008},
 isbn = {978-1-60558-102-6},
 location = {Vancouver, Canada},
 pages = {967--980},
 numpages = {14},
 url = {http://doi.acm.org/10.1145/1376616.1376712},
 doi = {10.1145/1376616.1376712},
 acmid = {1376712},
 publisher = {ACM},
 address = {New York, NY, USA},
 keywords = {c-store, column-oriented dbms, column-store, compression, invisible join, tuple materialization, tuple reconstruction},
} 